<?xml version="1.0" encoding="UTF-8"?><collection xmlns="http://www.loc.gov/MARC21/slim"><record><leader>00389nam--2200121-i-4500</leader><controlfield tag="001">000030548</controlfield><controlfield tag="002">20161230</controlfield><controlfield tag="005">20161230201038</controlfield><controlfield tag="008">060222s1000------------r-----000-0-eng-d</controlfield><datafield ind1=" " ind2=" " tag="080"><subfield code="a">017</subfield></datafield><datafield ind1=" " ind2=" " tag="245"><subfield code="a">Lista revistelor tehnice straine la care sint abonate in 1972 unitatile ministerului industriei chimice</subfield></datafield><datafield ind1=" " ind2=" " tag="260"><subfield code="a">Bucuresti, Institutul Central De Cercetari Chimice, 1972. 53p</subfield></datafield><datafield ind1=" " ind2=" " tag="852"><subfield code="a">36045</subfield></datafield></record></collection>